@article{Armbruster2004,
author = {Jonathan W Armbruster},
doi = {10.1111/j.1096-3642.2004.00109.x},
issn = {0024-4082},
journal = {Zoological Journal of the Linnean Society},
month = {may},
number = {1},
pages = {1--80},
title = {{Phylogenetic relationships of the suckermouth armoured catfishes (Loricariidae) with emphasis on the Hypostominae and the Ancistrinae}},
volume = {141},
year = {2004}
}

@article{Armbruster2008,
author = {Jonathan W Armbruster},
file = {:home/balleng/Dropbox/Gustavo/Mendeley/Armbruster - 2008 - The genus Peckoltia with the description of two new species and a reanalysis of the phylogeny of the genera of the H.pdf:pdf},
isbn = {9781869772437},
journal = {Zootaxa},
pages = {1--76},
title = {{The genus Peckoltia with the description of two new species and a reanalysis of the phylogeny of the genera of the Hypostominae (Siluriformes: Loricariidae)}},
volume = {1822},
year = {2008}
}

@article{Isbrucker2001,
author = {Isbr{\"{u}}cker, I. J. H.},
journal = {Datz Harnischwelse},
title = {{Nomenklator der Gattungen und Arten der Harnischwelse, Familie Loricariidae Rafinesque, 1815 (Teleostei, Ostariophysi)}},
year = {2001}
}

@article{Lujan2015,
author = {Lujan, Nathan K and Armbruster, Jonathan W and Lovejoy, Nathan and L{\'{o}}pez-Fern{\'{a}}ndez, Hern{\'{a}}n},
doi = {10.1016/j.ympev.2014.08.020},
issn = {1095-9513},
journal = {Molecular Phylogenetics and Evolution},
month = {sep},
pages = {269--288},
pmid = {25193609},
publisher = {Elsevier Inc.},
title = {{Multilocus molecular phylogeny of the suckermouth armored catfishes (Siluriformes: Loricariidae) with a focus on subfamily Hypostominae.}},
url = {http://www.ncbi.nlm.nih.gov/pubmed/25193609},
volume = {82},
year = {2015}
}

@article{Roxo2019,
author = {Roxo, F{\'{a}}bio F. and Ochoa, Luz E. and Sabaj, Mark H. and Lujan, Nathan K. and Covain, Rapha{\"{e}}l and Silva, Gabriel S.C. and Melo, Bruno F. and Albert, James S. and Chang, Jonathan and Foresti, Fausto and Alfaro, Michael E. and Oliveira, Claudio},
doi = {10.1016/j.ympev.2019.02.017},
issn = {10959513},
journal = {Molecular Phylogenetics and Evolution},
keywords = {Biodiversity,Cascudos,Neotropics,Phylogenomics,South America,Timetree},
number = {February},
pages = {148--165},
pmid = {30802595},
publisher = {Elsevier},
title = {{Phylogenomic reappraisal of the Neotropical catfish family Loricariidae (Teleostei: Siluriformes) using ultraconserved elements}},
url = {https://doi.org/10.1016/j.ympev.2019.02.017},
volume = {135},
year = {2019}
}



@Article{article,
	author = "Author1 LastName1 and Author2 LastName2 and Author3 LastName3",
	title = "Article Title",
	volume = "30",
	number = "30",
	pages = "10127-10134",
	year = "2013",
	doi = "10.3389/fnins.2013.12345",
	URL = "http://www.frontiersin.org/Journal/10.3389/fnins.2013.12345/abstract",
	journal = "Frontiers in Neuroscience"
}

@book{book,
  author    = {Author Name}, 
  title     = {The title of the work},
  publisher = {The name of the publisher},
  address   = {The city},
  year      = 1993,
}

@incollection{chapter,
  author       = {Bauthor Surname}, 
  title        = {The title of the work},
  editor       = {Editor Name},
  booktitle    = {The title of the book},
  publisher    = {The name of the publisher},
  address      = {The city},
  year         = 2002,
  pages        = {201-213},
}

@InProceedings{conference,
  author = {Cauthor Name and Dauthor Surname and Fauthor LastName},
  title = {The title of the work},
  booktitle = {The title of the conference proceedings},
  year = 1996,
  publisher = {The name of the publisher},
  editor = {Editor Name1 and Editor Name2},
  pages = {41-50},
}

@book{cho,
  author       = {Gauthor Name1}, 
  title        = {The title of the work},
  publisher = {Country code and patent number},
  address      = {Patent Country},
  year = 2013
}

@book{patent,
  author    = {Hauthor Surname1}, 
  title     = {The title of the work},
  publisher = {Patent number},
  address   = {Patent country},
  year      = 2010,
}

% please use misc for datasets
@misc{dataset, 
	author = "Author1 LastName1 and Author2 LastName2 and Author3 LastName3",
	title = "Data Title",
	year = "2011",
	doi = "10.000/55555",
	URL = "http://www.frontiersin.org/",
}